@misc{especif,
  title        = {Protégé OWL Software},
  author       = {Stanford Center for Biomedical Informatics Research, The CO-ODE Project},
  year         = {2012},
  howpublished = {\url{https://protege.stanford.edu}}
}

@misc{key,
  author       = {United Nations},
  howpublished = {\url{https://doi.org/10.1007/s13398-014-0173-7.2}},
  title        = {Transforming Our World: The 2030 Agenda for Sustainable Development},
  year         = {2015}
}

@article{baader2003description,
  title={The Description Logic Handbook: Theory, Implementation, and Applications},
  author={Baader, Franz},
  journal={Cambridge University Press google schola},
  volume={2},
  pages={7--26},
  year={2003}
}

